@misc{tutorial,
  title = {Site do Tutorial},
  howpublished = {\url{http://sandsoftwaresound.net/perf/perf-tutorial-hot-spots/}},
}

@misc{flame,
  title = {Site de Flame Graphs},
  howpublished = {\url{http://www.brendangregg.com/flamegraphs.html}},
}

